{
  "leader": "10155cam a2200745 a 4500",
  "fields": [
    {
      "001": "ocm10557978\\"
    },
    {
      "003": "OCoLC"
    },
    {
      "005": "20221229155044.0"
    },
    {
      "008": "840306r1984\\\\\\\\ne\\a\\\\\\\\\\b\\\\\\\\100\\0\\eng\\\\"
    },
    {
      "010": {
        "ind1": "\\",
        "ind2": "\\",
        "subfields": [
          {
            "a": "   84004160 "
          }
        ]
      }
    },
    {
      "040": {
        "ind1": "\\",
        "ind2": "\\",
        "subfields": [
          {
            "a": "DLC"
          },
          {
            "b": "eng"
          },
          {
            "c": "DLC"
          },
          {
            "d": "OCL"
          },
          {
            "d": "UKM"
          },
          {
            "d": "NLM"
          },
          {
            "d": "OCL"
          },
          {
            "d": "MUQ"
          },
          {
            "d": "NLGGC"
          },
          {
            "d": "BAKER"
          },
          {
            "d": "BTCTA"
          },
          {
            "d": "YDXCP"
          },
          {
            "d": "OCLCG"
          },
          {
            "d": "INU"
          },
          {
            "d": "BDX"
          },
          {
            "d": "OCLCO"
          },
          {
            "d": "OCLCF"
          },
          {
            "d": "OCLCQ"
          },
          {
            "d": "OCL"
          },
          {
            "d": "OCLCA"
          },
          {
            "d": "OCLCQ"
          },
          {
            "d": "V5E"
          },
          {
            "d": "OCLCO"
          },
          {
            "d": "OCLCA"
          },
          {
            "d": "OCLCO"
          },
          {
            "d": "OCL"
          }
        ]
      }
    },
    {
      "016": {
        "ind1": "7",
        "ind2": "\\",
        "subfields": [
          {
            "a": "8813020"
          },
          {
            "2": "DNLM"
          }
        ]
      }
    },
    {
      "016": {
        "ind1": "7",
        "ind2": "\\",
        "subfields": [
          {
            "a": "B8419121"
          },
          {
            "2": "bccb"
          }
        ]
      }
    },
    {
      "019": {
        "ind1": "\\",
        "ind2": "\\",
        "subfields": [
          {
            "a": "12478773"
          }
        ]
      }
    },
    {
      "020": {
        "ind1": "\\",
        "ind2": "\\",
        "subfields": [
          {
            "a": "0444423265"
          }
        ]
      }
    },
    {
      "020": {
        "ind1": "\\",
        "ind2": "\\",
        "subfields": [
          {
            "a": "9780444423269"
          }
        ]
      }
    },
    {
      "020": {
        "ind1": "\\",
        "ind2": "\\",
        "subfields": [
          {
            "a": "0444417036"
          },
          {
            "q": "(series)"
          }
        ]
      }
    },
    {
      "020": {
        "ind1": "\\",
        "ind2": "\\",
        "subfields": [
          {
            "a": "9780444417039"
          },
          {
            "q": "(series)"
          }
        ]
      }
    },
    {
      "035": {
        "ind1": "\\",
        "ind2": "\\",
        "subfields": [
          {
            "a": "(OCoLC)10557978"
          },
          {
            "z": "(OCoLC)12478773"
          }
        ]
      }
    },
    {
      "041": {
        "ind1": "0",
        "ind2": "\\",
        "subfields": [
          {
            "a": "eng"
          },
          {
            "b": "fre"
          }
        ]
      }
    },
    {
      "043": {
        "ind1": "\\",
        "ind2": "\\",
        "subfields": [
          {
            "a": "w------"
          }
        ]
      }
    },
    {
      "050": {
        "ind1": "0",
        "ind2": "0",
        "subfields": [
          {
            "a": "SF724"
          },
          {
            "b": ".I47 1984"
          }
        ]
      }
    },
    {
      "082": {
        "ind1": "0",
        "ind2": "0",
        "subfields": [
          {
            "a": "636.0894223"
          },
          {
            "b": "IMP"
          }
        ]
      }
    },
    {
      "245": {
        "ind1": "0",
        "ind2": "0",
        "subfields": [
          {
            "a": "Impact of diseases on livestock production in the tropics /"
          },
          {
            "c": "edited by H.P. Riemann and M.J. Burridge."
          }
        ]
      }
    },
    {
      "260": {
        "ind1": "\\",
        "ind2": "\\",
        "subfields": [
          {
            "a": "Amsterdam ;"
          },
          {
            "a": "New York :"
          },
          {
            "b": "Elsevier,"
          },
          {
            "c": "1984."
          }
        ]
      }
    },
    {
      "300": {
        "ind1": "\\",
        "ind2": "\\",
        "subfields": [
          {
            "a": "x, 632 pages :"
          },
          {
            "b": "illustrations ;"
          },
          {
            "c": "25 cm."
          }
        ]
      }
    },
    {
      "336": {
        "ind1": "\\",
        "ind2": "\\",
        "subfields": [
          {
            "a": "text"
          },
          {
            "b": "txt"
          },
          {
            "2": "rdacontent"
          }
        ]
      }
    },
    {
      "337": {
        "ind1": "\\",
        "ind2": "\\",
        "subfields": [
          {
            "a": "unmediated"
          },
          {
            "b": "n"
          },
          {
            "2": "rdamedia"
          }
        ]
      }
    },
    {
      "338": {
        "ind1": "\\",
        "ind2": "\\",
        "subfields": [
          {
            "a": "volume"
          },
          {
            "b": "nc"
          },
          {
            "2": "rdacarrier"
          }
        ]
      }
    },
    {
      "490": {
        "ind1": "1",
        "ind2": "\\",
        "subfields": [
          {
            "a": "Developments in animal and veterinary sciences ;"
          },
          {
            "v": "15"
          }
        ]
      }
    },
    {
      "500": {
        "ind1": "\\",
        "ind2": "\\",
        "subfields": [
          {
            "a": "\"Proceedings of the International Conference on Impact of Diseases on Livestock Production in the Tropics ... held in Kissimmee, Florida, from 9-13 May 1983 ... organized by the Association of Institutes for Tropical Veterinary Medicine\"--Page v."
          }
        ]
      }
    },
    {
      "500": {
        "ind1": "\\",
        "ind2": "\\",
        "subfields": [
          {
            "a": "\"Reprinted from the journal 'Preventive veterinary medicine' vol. 2, nos. 1-4\"--Title page verso."
          }
        ]
      }
    },
    {
      "504": {
        "ind1": "\\",
        "ind2": "\\",
        "subfields": [
          {
            "a": "Includes bibliographical references."
          }
        ]
      }
    },
    {
      "505": {
        "ind1": "0",
        "ind2": "0",
        "subfields": [
          {
            "t": "Activities of United Nations agencies /"
          },
          {
            "r": "William M Moulton"
          },
          {
            "g": "(2 p.). --"
          },
          {
            "t": "International Livestock Centre (ILCA) and food production in Africa /"
          },
          {
            "r": "Peter J Brumby"
          },
          {
            "g": "(10 p.). --"
          },
          {
            "t": "Activities of the International Laboratory for Research on Animal Diseases /"
          },
          {
            "r": "A.R Gray"
          },
          {
            "g": "(10 p.). --"
          },
          {
            "t": "The current situation on animal trypanosomiasis in Africa /"
          },
          {
            "r": "Max Murray"
          },
          {
            "g": "(8 p.). --"
          },
          {
            "t": "Animal trypanosomiasis in South America /"
          },
          {
            "r": "E.A Wells"
          },
          {
            "g": "(12 p.). --"
          },
          {
            "t": "Development of improved control methods of animal trypanosomiasis : a review /"
          },
          {
            "r": "J.J Doyle"
          },
          {
            "g": "(10 p.). --"
          },
          {
            "t": "Genome relatedness among African swine fever virus field isolates by restriction endonuclease analysis /"
          },
          {
            "r": "Ronald D Wesley"
          },
          {
            "g": "(10 p.). --"
          },
          {
            "t": "Distribution of potential soft tick vectors of African swine fever in the Caribbean region (Acari: Argasidae) /"
          },
          {
            "r": "J.F Butler"
          },
          {
            "g": "(8 p.). --"
          },
          {
            "t": "The persistence of African swine fever in Africa and the Mediterranean /"
          },
          {
            "r": "P.J Wilkinson"
          },
          {
            "g": "(12 p.)."
          }
        ]
      }
    },
    {
      "505": {
        "ind1": "0",
        "ind2": "0",
        "subfields": [
          {
            "t": "Clinical experiences in the use of chemotherapy for bovine dermatophilosis in Nigeria /"
          },
          {
            "r": "A.A Ilemobade"
          },
          {
            "g": "(10 p.). --"
          },
          {
            "t": "Immunology of dermatophilosis : recent developments and prospects for control /"
          },
          {
            "r": "D.H Lloyd"
          },
          {
            "g": "(10 p.). --"
          },
          {
            "t": "Diagnosis of hog cholera /"
          },
          {
            "r": "E.A Carbrey"
          },
          {
            "g": "(6 p.). --"
          },
          {
            "t": "Perspective de contro\u0302le de la peste porcine classique par l'emploi de vaccin a\u0300 virus vivant /"
          },
          {
            "r": "J.M Aynaud"
          },
          {
            "g": "(6 p.). --"
          },
          {
            "t": "Some factors affecting the control of bovine anaplasmosis with special reference to Australia and Indonesia /"
          },
          {
            "r": "A.J Wilson"
          },
          {
            "g": "(14 p.). --"
          },
          {
            "t": "Immunization against anaplasmosis : a review /"
          },
          {
            "r": "N McHardy"
          },
          {
            "g": "(12 p.). --"
          },
          {
            "t": "Persistent infections of hog cholera : a review /"
          },
          {
            "r": "B Liess"
          },
          {
            "g": "(6 p.). --"
          },
          {
            "t": "Control of peste des petits ruminants in Nigeria /"
          },
          {
            "r": "D.R Nawathe"
          },
          {
            "g": "(10 p.). --"
          },
          {
            "t": "The distribution and epidemiology of peste des petits ruminants /"
          },
          {
            "r": "W.P Taylor"
          },
          {
            "g": "(10 p.). --"
          },
          {
            "t": "Immune responses involved in immunity against Theileria parva /"
          },
          {
            "r": "W.I Morrison"
          },
          {
            "g": "(12 p.)."
          }
        ]
      }
    },
    {
      "505": {
        "ind1": "0",
        "ind2": "0",
        "subfields": [
          {
            "t": "Recent advances in the chemotherapy of theileriosis /"
          },
          {
            "r": "N McHardy"
          },
          {
            "g": "(14 p.). --"
          },
          {
            "t": "The control of brucellosis in tropical and subtropical regions /"
          },
          {
            "r": "Paul Nicoletti"
          },
          {
            "g": "(4 p.). --"
          },
          {
            "t": "Comperative assessment of antibody isotypes to Brucella abortus by primary and secondary binding assays /"
          },
          {
            "r": "K Nielsen"
          },
          {
            "g": "(8 p.). --"
          },
          {
            "t": "Progre\u0300s re\u0301cents en immunisation contre l'infection a\u0300 Brucella abortus : immunisation chez les bovins /"
          },
          {
            "r": "M Plommet"
          },
          {
            "g": "(10 p.). --"
          },
          {
            "t": "Diagnosis and control of brucellosis in small ruminants /"
          },
          {
            "r": "J Kolar"
          },
          {
            "g": "(12 p.). --"
          },
          {
            "t": "The culture of Cowdria ruminantium in mice : significance in respect of the epidemiology and control of heartwater /"
          },
          {
            "r": "P.K.I Mackenzie"
          },
          {
            "g": "(12 p.). --"
          },
          {
            "t": "Control of heartwater in cattle in Southern Africa using Terramycin/LA /"
          },
          {
            "r": "R.E Purnell"
          },
          {
            "g": "(16 p.). --"
          },
          {
            "t": "Heartwater in the Caribbean /"
          },
          {
            "r": "G Uilenberg"
          },
          {
            "g": "(14 p.). --"
          },
          {
            "t": "Incidence and control of poultry diseases in Central and South America /"
          },
          {
            "r": "David Forney Mitchell"
          },
          {
            "g": "(8 p.)."
          }
        ]
      }
    },
    {
      "505": {
        "ind1": "0",
        "ind2": "0",
        "subfields": [
          {
            "t": "The impact of infectious diseases of poultry in selected African countries /"
          },
          {
            "r": "Simon M Shane"
          },
          {
            "g": "(10 p.). --"
          },
          {
            "t": "Poultry diseases encountered in tropical areas of southeast Asia /"
          },
          {
            "r": "J.H Ritter"
          },
          {
            "g": "(4 p.). --"
          },
          {
            "t": "Infectious bursal disease : discussion following the poultry diseases presentations /"
          },
          {
            "r": "J Thorsen"
          },
          {
            "g": "(4 p.). --"
          },
          {
            "t": "A study of bovine parasitic gastro-enteritis in Paraguay /"
          },
          {
            "r": "C Benitez-Usher"
          },
          {
            "g": "(14 p.). --"
          },
          {
            "t": "Ivermectin and the control of nematodiasis in sheep /"
          },
          {
            "r": "J.M Preston"
          },
          {
            "g": "(8 p.). --"
          },
          {
            "t": "Closantel : a review of its antiparasitic activity /"
          },
          {
            "r": "Jorge Guerrero"
          },
          {
            "g": "(12 p.). --"
          },
          {
            "t": "Foot-and-mouth disease control strategies in Africa /"
          },
          {
            "r": "M.M Rweyemamu"
          },
          {
            "g": "(12 p.). --"
          },
          {
            "t": "Foot-and-mouth disease policies and control strategies in South America /"
          },
          {
            "r": "R. Casas Olascoaga"
          },
          {
            "g": "(12 p.). --"
          },
          {
            "t": "Field problems associated with control of foot-and-mouth disease outbreaks /"
          },
          {
            "r": "P Sutmo\u0308ller"
          },
          {
            "g": "(6 p.). --"
          },
          {
            "t": "Role of IgE in fascioliasis /"
          },
          {
            "r": "K Pfister"
          },
          {
            "g": "(12 p.)."
          }
        ]
      }
    },
    {
      "505": {
        "ind1": "0",
        "ind2": "0",
        "subfields": [
          {
            "t": "Bluetongue in Africa, the Mediterranean region and Near East : disease, virus and vectors /"
          },
          {
            "r": "R.F Sellers"
          },
          {
            "g": "(8 p.). --"
          },
          {
            "t": "Epizootiology of biuetongue virus : transmission cycle, vectors, and serotypic distribution in the Americas /"
          },
          {
            "r": "T.E Walton"
          },
          {
            "g": "(10 p.). --"
          },
          {
            "t": "Preliminary studies on the Cullicoides spp. as potential vectors of bluetongue in the Caribbean region /"
          },
          {
            "r": "Ellis C Greiner"
          },
          {
            "g": "(12 p.). --"
          },
          {
            "t": "Immunization against babesiosis : current studies and future outlook /"
          },
          {
            "r": "D.F Mahoney"
          },
          {
            "g": "(8 p.). --"
          },
          {
            "t": "Recent advances in research on babesiosis /"
          },
          {
            "r": "R.A Todorovic"
          },
          {
            "g": "(2 p.). --"
          },
          {
            "t": "Bovine leptospirosis in the tropics : prevalence, pathogenesis and control /"
          },
          {
            "r": "W.A Ellis"
          },
          {
            "g": "(12 p.). --"
          },
          {
            "t": "Leptospira interrogans serovar hardjo vaccines in cattle : immunogenicity of vaccines prepared from cultures grown in a protein-free medium /"
          },
          {
            "r": "E.S Broughton"
          },
          {
            "g": "(12 p.)."
          }
        ]
      }
    },
    {
      "505": {
        "ind1": "0",
        "ind2": "0",
        "subfields": [
          {
            "t": "Les besoins en matie\u0300re de tormation de ve\u0301te\u0301rinaires dans les pays tropicaux d'Afrique francophone /"
          },
          {
            "r": "A. Lamine Ndiaye"
          },
          {
            "g": "(6 p.). --"
          },
          {
            "t": "Training needs for veterinarians in changing Africa /"
          },
          {
            "r": "P Atang"
          },
          {
            "g": "(6 p.). --"
          },
          {
            "t": "Training needs for the tropics (Asia and Australasia) /"
          },
          {
            "r": "R.S.F Campbell"
          },
          {
            "g": "(6 p.). --"
          },
          {
            "t": "Some practical considerations in sampling livestock populations to estimate disease prevalence and other parameters /"
          },
          {
            "r": "Thomas B Farver"
          },
          {
            "g": "(10 p.). --"
          },
          {
            "t": "Estimating disease prevalence and the interpretation of screening test results /"
          },
          {
            "r": "S. Wayne Martin"
          },
          {
            "g": "(10 p.). --"
          },
          {
            "t": "Case study of estimation of prevalence of bovine brucellosis in El Salvador /"
          },
          {
            "r": "M.A Reyes Knoke"
          },
          {
            "g": "(8 p.). --"
          },
          {
            "t": "Low input low output animal health programmes : generating data for their improvement in a pastoral system /"
          },
          {
            "r": "S Chema"
          },
          {
            "g": "(6 p.). --"
          },
          {
            "t": "Laboratory support of tropical disease control programs /"
          },
          {
            "r": "J.F Frank"
          },
          {
            "g": "(6 p.)."
          }
        ]
      }
    },
    {
      "505": {
        "ind1": "0",
        "ind2": "0",
        "subfields": [
          {
            "t": "A systems approach to the economic assessment of disease control and eradication and a discussion of some control costs and benefits /"
          },
          {
            "r": "Martin E Hugh-Jones"
          },
          {
            "g": "(12 p.). --"
          },
          {
            "t": "Effects of reactor retention on the spread of brucellosis in strain 19 adult vaccinated herds /"
          },
          {
            "r": "F.N Enright"
          },
          {
            "g": "(10 p.). --"
          },
          {
            "t": "Control of insects of veterinary importance by genetic techniques /"
          },
          {
            "r": "David A Dame"
          },
          {
            "g": "(8 p.). --"
          },
          {
            "t": "A pilot test to study the use of the sterile insect technique for eradication of cattle grubs /"
          },
          {
            "r": "S.E Kunz"
          },
          {
            "g": "(6 p.). --"
          },
          {
            "t": "Chromosome rearrangements in the control of mosquitos /"
          },
          {
            "r": "Richard H Baker"
          },
          {
            "g": "(12 p.). --"
          },
          {
            "t": "Genetic resistance to animal trypanosomiasis in Africa /"
          },
          {
            "r": "Max Murray"
          },
          {
            "g": "(12 p.). --"
          },
          {
            "t": "Selection of beef cattle in Northern Australia for resistance to the cattle tick (Boophilus microplus) : research and application /"
          },
          {
            "r": "G.W Seifert"
          },
          {
            "g": "(6 p.)."
          }
        ]
      }
    },
    {
      "505": {
        "ind1": "0",
        "ind2": "0",
        "subfields": [
          {
            "t": "The future of tick control : a review of the chemical and non-chemical options /"
          },
          {
            "r": "M.D Matthewson"
          },
          {
            "g": "(10 p.). --"
          },
          {
            "t": "The biology and the control of Dermatobia hominis, the tropical warble-fly of Latin America /"
          },
          {
            "r": "R.A Roncalli"
          },
          {
            "g": "(10 p.). --"
          },
          {
            "t": "Potential of Stylosanthes plants as a component in an integrated pest management approach to tick control /"
          },
          {
            "r": "R.H Zimmerman"
          },
          {
            "g": "(10 p.). --"
          },
          {
            "t": "Strategies for improving the nutritional status of small ruminants in tropical ecosysten /"
          },
          {
            "r": "W.L Johnson"
          },
          {
            "g": "(14 p.). --"
          },
          {
            "t": "Review of mineral deficiency syndromes in ruminants in humid tropical regions /"
          },
          {
            "r": "J.H Conrad"
          },
          {
            "g": "(12 p.). --"
          },
          {
            "t": "Postgraduate training programs available for veterinarians : non-European locations /"
          },
          {
            "r": "R.S.F Campbell"
          },
          {
            "g": "(6 p.). --"
          },
          {
            "t": "Postgraduate training in tropical animal production and health in W. Europe /"
          },
          {
            "r": "R.M Edelsten"
          },
          {
            "g": "(10 p.)."
          }
        ]
      }
    },
    {
      "650": {
        "ind1": "\\",
        "ind2": "0",
        "subfields": [
          {
            "a": "Veterinary tropical medicine"
          },
          {
            "v": "Congresses."
          }
        ]
      }
    },
    {
      "650": {
        "ind1": "\\",
        "ind2": "0",
        "subfields": [
          {
            "a": "Livestock"
          },
          {
            "x": "Diseases"
          },
          {
            "z": "Tropics"
          },
          {
            "v": "Congresses."
          }
        ]
      }
    },
    {
      "650": {
        "ind1": "\\",
        "ind2": "0",
        "subfields": [
          {
            "a": "Veterinary public health"
          },
          {
            "z": "Tropics"
          },
          {
            "v": "Congresses."
          }
        ]
      }
    },
    {
      "650": {
        "ind1": "\\",
        "ind2": "0",
        "subfields": [
          {
            "a": "Veterinary tropical medicine"
          },
          {
            "x": "Congresses."
          }
        ]
      }
    },
    {
      "650": {
        "ind1": "\\",
        "ind2": "0",
        "subfields": [
          {
            "a": "Animals"
          },
          {
            "x": "Diseases."
          }
        ]
      }
    },
    {
      "650": {
        "ind1": "\\",
        "ind2": "2",
        "subfields": [
          {
            "a": "Animal Diseases"
          }
        ]
      }
    },
    {
      "650": {
        "ind1": "\\",
        "ind2": "2",
        "subfields": [
          {
            "a": "Animal Husbandry"
          }
        ]
      }
    },
    {
      "650": {
        "ind1": "\\",
        "ind2": "7",
        "subfields": [
          {
            "a": "Animals"
          },
          {
            "x": "Diseases."
          },
          {
            "2": "fast"
          },
          {
            "0": "(OCoLC)fst00809483"
          }
        ]
      }
    },
    {
      "650": {
        "ind1": "\\",
        "ind2": "7",
        "subfields": [
          {
            "a": "Livestock"
          },
          {
            "x": "Diseases."
          },
          {
            "2": "fast"
          },
          {
            "0": "(OCoLC)fst01000754"
          }
        ]
      }
    },
    {
      "650": {
        "ind1": "\\",
        "ind2": "7",
        "subfields": [
          {
            "a": "Veterinary public health."
          },
          {
            "2": "fast"
          },
          {
            "0": "(OCoLC)fst01166070"
          }
        ]
      }
    },
    {
      "650": {
        "ind1": "\\",
        "ind2": "7",
        "subfields": [
          {
            "a": "Veterinary tropical medicine."
          },
          {
            "2": "fast"
          },
          {
            "0": "(OCoLC)fst01166107"
          }
        ]
      }
    },
    {
      "651": {
        "ind1": "\\",
        "ind2": "7",
        "subfields": [
          {
            "a": "Tropics."
          },
          {
            "2": "fast"
          },
          {
            "0": "(OCoLC)fst01240674"
          }
        ]
      }
    },
    {
      "655": {
        "ind1": "\\",
        "ind2": "2",
        "subfields": [
          {
            "a": "Congress"
          }
        ]
      }
    },
    {
      "655": {
        "ind1": "\\",
        "ind2": "7",
        "subfields": [
          {
            "a": "Conference papers and proceedings."
          },
          {
            "2": "fast"
          },
          {
            "0": "(OCoLC)fst01423772"
          }
        ]
      }
    },
    {
      "655": {
        "ind1": "\\",
        "ind2": "7",
        "subfields": [
          {
            "a": "Conference papers and proceedings."
          },
          {
            "2": "lcgft"
          }
        ]
      }
    },
    {
      "700": {
        "ind1": "1",
        "ind2": "\\",
        "subfields": [
          {
            "a": "Riemann, Hans,"
          },
          {
            "d": "1920-2007."
          }
        ]
      }
    },
    {
      "700": {
        "ind1": "1",
        "ind2": "\\",
        "subfields": [
          {
            "a": "Burridge, M. J."
          }
        ]
      }
    },
    {
      "710": {
        "ind1": "2",
        "ind2": "\\",
        "subfields": [
          {
            "a": "Association of Institutes for Tropical Veterinary Medicine."
          }
        ]
      }
    },
    {
      "711": {
        "ind1": "2",
        "ind2": "\\",
        "subfields": [
          {
            "a": "International Conference on Impact of Diseases on Livestock Production in the Tropics"
          },
          {
            "d": "(1983 :"
          },
          {
            "c": "Kissimmee, Fla.)"
          }
        ]
      }
    },
    {
      "776": {
        "ind1": "0",
        "ind2": "8",
        "subfields": [
          {
            "i": "Online version:"
          },
          {
            "t": "Impact of diseases on livestock production in the tropics."
          },
          {
            "d": "Amsterdam ; New York : Elsevier, 1984"
          },
          {
            "w": "(OCoLC)707194699"
          }
        ]
      }
    },
    {
      "830": {
        "ind1": "\\",
        "ind2": "0",
        "subfields": [
          {
            "a": "Developments in animal and veterinary sciences ;"
          },
          {
            "v": "15."
          }
        ]
      }
    },
    {
      "994": {
        "ind1": "\\",
        "ind2": "\\",
        "subfields": [
          {
            "a": "Z0"
          },
          {
            "b": "NYRVC"
          }
        ]
      }
    },
    {
      "948": {
        "ind1": "\\",
        "ind2": "\\",
        "subfields": [
          {
            "h": "NO HOLDINGS IN NYRVC - 99 OTHER HOLDINGS"
          }
        ]
      }
    },
    {
      "999": {
        "ind1": "\\",
        "ind2": "\\",
        "subfields": [
          {
            "a": "00000000011611"
          }
        ]
      }
    }
  ]
}